%% This BibTeX bibliography file was created using BibDesk.
%% http://bibdesk.sourceforge.net/


%% Created for Daniel Schmidt at 2014-12-31 11:36:42 +0100 


%% Saved with string encoding Unicode (UTF-8) 



@article{main,
	Author = {Diego Perez-Palacin, Raffaela Mirandola, Jos{\'e} Merseguer},
	Date-Modified = {2014-12-31 10:36:42 +0000},
	Journal = {The Journal of Systems and Software},
	Timestamp = {2014.12.24},
	Title = {On the relationships between QoS and software adpatability at the architectural level},
	Year = {2013},
	Bdsk-File-1 = {YnBsaXN0MDDUAQIDBAUGJCVYJHZlcnNpb25YJG9iamVjdHNZJGFyY2hpdmVyVCR0b3ASAAGGoKgHCBMUFRYaIVUkbnVsbNMJCgsMDxJXTlMua2V5c1pOUy5vYmplY3RzViRjbGFzc6INDoACgAOiEBGABIAFgAdccmVsYXRpdmVQYXRoWWFsaWFzRGF0YV8QYC4uLzIwMTNPbit0aGUrcmVsYXRpb25zaGlwcytiZXR3ZWVuK1FvUythbmQrc29mdHdhcmUrYWRhcHRhYmlsaXR5K2F0K3RoZSthcmNoaXRlY3R1cmFsK2xldmVsLnBkZtIXCxgZV05TLmRhdGFPEQL2AAAAAAL2AAIAAAxNYWNpbnRvc2ggSEQAAAAAAAAAAAAAAAAAAADQmLOaSCsAAABk9S4fMjAxM09uK3RoZStyZWxhdGlvbnMjNjRGNTNCLnBkZgAAAAAAAAAAAAAAAAAAAAAAAAAAAAAAAAAAAAAAAAAAAGT1O9CqFDsAAAAAAAAAAAABAAEAAAkgAAAAAAAAAAAAAAAAAAAAB1ZvcnRyYWcAABAACAAA0JiligAAABEACAAA0KoGKwAAAAEAHABk9S4AGnc/ABp3GAAZ0TMAFarUAA0VBgANE7sAAgB+TWFjaW50b3NoIEhEOlVzZXJzOgBkYW5pZWxzY2htaWR0OgBBcmJlaXQ6AFN0dWRpdW06ADcuU2VtZXN0ZXI6AHNvZnR3YXJlQXJjaGl0ZWN0dXJlOgBWb3J0cmFnOgAyMDEzT24rdGhlK3JlbGF0aW9ucyM2NEY1M0IucGRmAA4AvABdADIAMAAxADMATwBuACsAdABoAGUAKwByAGUAbABhAHQAaQBvAG4AcwBoAGkAcABzACsAYgBlAHQAdwBlAGUAbgArAFEAbwBTACsAYQBuAGQAKwBzAG8AZgB0AHcAYQByAGUAKwBhAGQAYQBwAHQAYQBiAGkAbABpAHQAeQArAGEAdAArAHQAaABlACsAYQByAGMAaABpAHQAZQBjAHQAdQByAGEAbAArAGwAZQB2AGUAbAAuAHAAZABmAA8AGgAMAE0AYQBjAGkAbgB0AG8AcwBoACAASABEABIAqFVzZXJzL2RhbmllbHNjaG1pZHQvQXJiZWl0L1N0dWRpdW0vNy5TZW1lc3Rlci9zb2Z0d2FyZUFyY2hpdGVjdHVyZS9Wb3J0cmFnLzIwMTNPbit0aGUrcmVsYXRpb25zaGlwcytiZXR3ZWVuK1FvUythbmQrc29mdHdhcmUrYWRhcHRhYmlsaXR5K2F0K3RoZSthcmNoaXRlY3R1cmFsK2xldmVsLnBkZgATAAEvAAAVAAIAFP//AACABtIbHB0eWiRjbGFzc25hbWVYJGNsYXNzZXNdTlNNdXRhYmxlRGF0YaMdHyBWTlNEYXRhWE5TT2JqZWN00hscIiNcTlNEaWN0aW9uYXJ5oiIgXxAPTlNLZXllZEFyY2hpdmVy0SYnVHJvb3SAAQAIABEAGgAjAC0AMgA3AEAARgBNAFUAYABnAGoAbABuAHEAcwB1AHcAhACOAPEA9gD+A/gD+gP/BAoEEwQhBCUELAQ1BDoERwRKBFwEXwRkAAAAAAAAAgEAAAAAAAAAKAAAAAAAAAAAAAAAAAAABGY=}}
